@article{jafri2009survey,
  title={A survey of face recognition techniques.},
  author={Jafri, Rabia and Arabnia, Hamid R},
  journal={Jips},
  volume={5},
  number={2},
  pages={41--68},
  year={2009}
}

@article{eigenfaces,
  title={Eigenfaces for recognition},
  author={Turk, Matthew and Pentland, Alex},
  journal={Journal of cognitive neuroscience},
  volume={3},
  number={1},
  pages={71--86},
  year={1991},
  publisher={MIT Press}
}

@article{zhao2003face,
  title={Face recognition: A literature survey},
  author={Zhao, Wenyi and Chellappa, Rama and Phillips, P Jonathon and Rosenfeld, Azriel},
  journal={ACM computing surveys (CSUR)},
  volume={35},
  number={4},
  pages={399--458},
  year={2003},
  publisher={ACM}
}

@article{grady2004space,
  title={Space-variant computer vision: a graph-theoretic approach},
  author={Grady, Leo and others},
  journal={Boston University, Boston, MA},
  year={2004}
}

@article{traver2004appearance,
  title={Appearance-based object detection in space-variant images: a multi-model approach},
  author={Traver, V and Bernardino, Alexandre and Moreno, Plinio and Santos-Victor, Jos{\'e}},
  journal={Image Analysis and Recognition},
  pages={538--546},
  year={2004},
  publisher={Springer}
}

@article{wallace1994space,
  title={Space variant image processing},
  author={Wallace, Richard S and Ong, Ping-Wen and Bederson, Benjamin B and Schwartz, Eric L},
  journal={International Journal of Computer Vision},
  volume={13},
  number={1},
  pages={71--90},
  year={1994},
  publisher={Springer}
}

@inproceedings{vasilescu2002multilinear,
  title={Multilinear image analysis for facial recognition},
  author={Vasilescu, M Alex O and Terzopoulos, Demetri},
  booktitle={Pattern Recognition, 2002. Proceedings. 16th International Conference on},
  volume={2},
  pages={511--514},
  year={2002},
  organization={IEEE}
}

@inproceedings{parkhi2015deep,
  title={Deep Face Recognition.},
  author={Parkhi, Omkar M and Vedaldi, Andrea and Zisserman, Andrew},
  booktitle={BMVC},
  volume={1},
  number={3},
  pages={6},
  year={2015}
}

@article{bartlett2002face,
  title={Face recognition by independent component analysis},
  author={Bartlett, Marian Stewart and Movellan, Javier R and Sejnowski, Terrence J},
  journal={IEEE Transactions on neural networks},
  volume={13},
  number={6},
  pages={1450--1464},
  year={2002},
  publisher={IEEE}
}

@inproceedings{sqi,
  title={Face recognition under varying lighting conditions using self quotient image},
  author={Wang, Haitao and Li, Stan Z and Wang, Yangsheng},
  booktitle={Automatic Face and Gesture Recognition, 2004. Proceedings. Sixth IEEE International Conference on},
  pages={819--824},
  year={2004},
  organization={IEEE}
}

@online{orl,
  author = {AT\&T},
  title = {The Database of Faces},
  url = {http://www.cl.cam.ac.uk/research/dtg/attarchive/facedatabase.html},
  note = {Accessed: 2017-06-20}
}

@online{yale,
  author = {Vision Lab, UCSD},
  title = {The Yale Face Database B},
  url = {vision.ucsd.edu/~leekc/ExtYaleDatabase/ExtYaleB.html},
  note = {Accessed: 2017-06-19}
}

@article{ramkumar2013face,
  title={Face Recognition-Survey},
  author={Ramkumar, G and Manikandan, M},
  journal={Sciencepublication. org},
  pages={260--268},
  year={2013}
}

@article{etemad1997discriminant,
  title={Discriminant analysis for recognition of human face images},
  author={Etemad, Kamran and Chellappa, Rama},
  journal={JOSA A},
  volume={14},
  number={8},
  pages={1724--1733},
  year={1997},
  publisher={Optical Society of America}
}

@techreport{grady2003graph,
  title={The graph analysis toolbox: Image processing on arbitrary graphs},
  author={Grady, Leo and Schwartz, Eric},
  year={2003},
  institution={Boston University Center for Adaptive Systems and Department of Cognitive and Neural Systems}
}

@article{kirby1990application,
  title={Application of the Karhunen-Loeve procedure for the characterization of human faces},
  author={Kirby, Michael and Sirovich, Lawrence},
  journal={IEEE Transactions on Pattern analysis and Machine intelligence},
  volume={12},
  number={1},
  pages={103--108},
  year={1990},
  publisher={IEEE}
}